<collection xmlns="http://www.loc.gov/MARC21/slim">
<record>
  <leader>01730nam0a22003011i 450 </leader>
  <controlfield tag="001">IT\ICCU\CNCE\032749</controlfield>
  <controlfield tag="005">20120512000000.0</controlfield>
  <datafield tag="012" ind1=" " ind2=" ">
    <subfield code="a">l-r- iai: n.e. codi (3) 1584 (R)</subfield>
    <subfield code="2">fei</subfield>
  </datafield>
  <datafield tag="100" ind1=" " ind2=" ">
    <subfield code="a">19971215d1584        0itac0103    ba</subfield>
  </datafield>
  <datafield tag="101" ind1=" " ind2=" ">
    <subfield code="a">ITA</subfield>
  </datafield>
  <datafield tag="102" ind1=" " ind2=" ">
    <subfield code="a">IT</subfield>
  </datafield>
  <datafield tag="200" ind1="1" ind2=" ">
    <subfield code="a">Conuito dell&apos;anima nel quale si trouano celeste viuande di spirituali, e diuotissime orationi, per pascere l&apos;anima,  ̉gusto di ciascuno. Preparato dal r. p. f. Paolo Rouado Bresciano dell&apos;Ordine domenicano, osseruante. Et di nuouo da l&apos;istesso auttore con somma diligentia riformato, &amp; ricorretto</subfield>
  </datafield>
  <datafield tag="210" ind1=" " ind2=" ">
    <subfield code="a">Venetia</subfield>
    <subfield code="c">presso Gio. Battista Somasco</subfield>
    <subfield code="d">1584</subfield>
    <subfield code="e">In Venetia</subfield>
    <subfield code="g">appresso Gio. Battista Ugolino</subfield>
    <subfield code="h">1584</subfield>
  </datafield>
  <datafield tag="215" ind1=" " ind2=" ">
    <subfield code="a">\12!, 614, \22! p.</subfield>
    <subfield code="d">12ʻ</subfield>
  </datafield>
  <datafield tag="620" ind1=" " ind2=" ">
    <subfield code="a">IT</subfield>
    <subfield code="d">Venezia</subfield>
  </datafield>
  <datafield tag="700" ind1=" " ind2="1">
    <subfield code="a">Rovato,</subfield>
    <subfield code="b">Paolo</subfield>
    <subfield code="3">IT\ICCU\CNCA\009123</subfield>
  </datafield>
  <datafield tag="712" ind1="0" ind2="0">
    <subfield code="a">Somasco, Giovanni Battista</subfield>
    <subfield code="3">IT\ICCU\CNCT\000409</subfield>
    <subfield code="4">650</subfield>
  </datafield>
  <datafield tag="712" ind1="0" ind2="0">
    <subfield code="a">Ugolino, Giovanni Battista</subfield>
    <subfield code="3">IT\ICCU\CNCT\000588</subfield>
    <subfield code="4">650</subfield>
  </datafield>
  <datafield tag="790" ind1=" " ind2="1">
    <subfield code="a">Roadus,</subfield>
    <subfield code="b">Paulus</subfield>
    <subfield code="3">IT\ICCU\CNCA\023991</subfield>
    <subfield code="z">Rovato, Paolo</subfield>
  </datafield>
  <datafield tag="791" ind1="0" ind2="0">
    <subfield code="a">Sommasco, Giovanni Battista</subfield>
    <subfield code="c"> &lt;1.&gt;</subfield>
    <subfield code="3">IT\ICCU\CNCT\004101</subfield>
    <subfield code="z">Somasco, Giovanni Battista</subfield>
  </datafield>
  <datafield tag="791" ind1="0" ind2="0">
    <subfield code="a">Somaschus, Ioannes Baptista</subfield>
    <subfield code="3">IT\ICCU\CNCT\005697</subfield>
    <subfield code="z">Somasco, Giovanni Battista</subfield>
  </datafield>
  <datafield tag="791" ind1="0" ind2="0">
    <subfield code="a">Somascus, Baptista</subfield>
    <subfield code="3">IT\ICCU\CNCT\005699</subfield>
    <subfield code="z">Somasco, Giovanni Battista</subfield>
  </datafield>
  <datafield tag="791" ind1="0" ind2="0">
    <subfield code="a">Sommascus, Ioannes Baptista</subfield>
    <subfield code="c"> &lt;1.&gt;</subfield>
    <subfield code="3">IT\ICCU\CNCT\005700</subfield>
    <subfield code="z">Somasco, Giovanni Battista</subfield>
  </datafield>
  <datafield tag="791" ind1="0" ind2="0">
    <subfield code="a">Hugolinus, Ioannes Baptista</subfield>
    <subfield code="3">IT\ICCU\CNCT\002917</subfield>
    <subfield code="z">Ugolino, Giovanni Battista</subfield>
  </datafield>
  <datafield tag="791" ind1="0" ind2="0">
    <subfield code="a">Ugolini, Giovanni Battista</subfield>
    <subfield code="3">IT\ICCU\CNCT\005614</subfield>
    <subfield code="z">Ugolino, Giovanni Battista</subfield>
  </datafield>
  <datafield tag="801" ind1=" " ind2="3">
    <subfield code="a">IT</subfield>
    <subfield code="b">ICCU</subfield>
    <subfield code="c">20201114</subfield>
  </datafield>
  <datafield tag="899" ind1=" " ind2=" ">
    <subfield code="a">Biblioteca Roberto Caracciolo. Lecce</subfield>
    <subfield code="1">LE0097</subfield>
    <subfield code="2">LEK LL</subfield>
  </datafield>
  <datafield tag="899" ind1=" " ind2=" ">
    <subfield code="a">Biblioteca comunale Principe di Villadorata. Noto</subfield>
    <subfield code="z">MUTILO</subfield>
    <subfield code="1">SR0013</subfield>
  </datafield>
</record>
</collection>
